@conference{ecal2003,
	author = "Julian F. Miller",
	title = "Evolving developmental programs for adaptation, morphogenesis, and self-repair",
	booktitle = "Proceedings of the 7th European Conference on Artificial Life, Springer LNAI 2801",
	year = "2003"
}

@mastersthesis{hoye2006,
	author = "Johan H{\o}ye",
	title = "{ArtDev3D}: An Artificial Development System",
	school = "Norwegian University of Science and Technology",
	year = "2006"
}

@misc{henney2001,
	author = "Kevlin Henney",
	title = "{Boost.Any}",
	year = "2001",
	howpublished = {\url{http://www.boost.org/doc/libs/1_36_0/doc/html/any.html}}
}

@misc{maurer2000,
	author = "Jens Maurer",
	title = "{Boost Random Number Library}",
	year = "2000",
	howpublished = {\url{http://www.boost.org/doc/libs/1_36_0/libs/random/index.html}}
}
